<record><leader>00000cas a22000007a 4500</leader><controlfield tag="001">46838358</controlfield><controlfield tag="008">010430c20019999txudr n       0    0eng d</controlfield><controlfield tag="009">1911</controlfield><datafield ind1=" " ind2=" " tag="010"><subfield code="a">  2013218504</subfield></datafield><datafield ind1=" " ind2=" " tag="040"><subfield code="a">TWT</subfield><subfield code="b">eng</subfield><subfield code="c">TWT</subfield><subfield code="d">OCL</subfield><subfield code="d">OCLCQ</subfield><subfield code="d">DLC</subfield><subfield code="d">OCLCF</subfield></datafield><datafield ind1=" " ind2=" " tag="042"><subfield code="a">msc</subfield></datafield><datafield ind1=" " ind2=" " tag="043"><subfield code="a">n-us-tx</subfield></datafield><datafield ind1="0" ind2="0" tag="245"><subfield code="a">Amarillo globe-news.</subfield></datafield><datafield ind1=" " ind2=" " tag="260"><subfield code="a">Amarillo, Tex. :</subfield><subfield code="b">Globe-News Pub.,</subfield><subfield code="c">c2001-</subfield></datafield><datafield ind1=" " ind2=" " tag="300"><subfield code="a">v. :</subfield><subfield code="b">ill. ;</subfield><subfield code="c">55 cm.</subfield></datafield><datafield ind1=" " ind2=" " tag="310"><subfield code="a">Daily</subfield></datafield><datafield ind1="0" ind2=" " tag="362"><subfield code="a">Vol. 1, no. 1 (Apr. 30, 2001)-</subfield></datafield><datafield ind1=" " ind2=" " tag="525"><subfield code="a">Has occasional supplements.</subfield></datafield><datafield ind1=" " ind2=" " tag="530"><subfield code="a">Also issued online.</subfield></datafield><datafield ind1=" " ind2=" " tag="580"><subfield code="a">Formed by the union of: Amarillo globe-times, and: Amarillo daily news.</subfield></datafield><datafield ind1=" " ind2="0" tag="651"><subfield code="a">Amarillo (Tex.)</subfield><subfield code="v">Newspapers.</subfield></datafield><datafield ind1=" " ind2="0" tag="651"><subfield code="a">Potter County (Tex.)</subfield><subfield code="v">Newspapers.</subfield></datafield><datafield ind1=" " ind2="0" tag="651"><subfield code="a">Randall County (Tex.)</subfield><subfield code="v">Newspapers.</subfield></datafield><datafield ind1=" " ind2="7" tag="655"><subfield code="a">Newspapers.</subfield><subfield code="2">fast</subfield><subfield code="0">(OCoLC)fst01423814</subfield></datafield><datafield ind1=" " ind2="7" tag="651"><subfield code="a">Texas</subfield><subfield code="z">Amarillo.</subfield><subfield code="2">fast</subfield><subfield code="0">(OCoLC)fst01206358</subfield></datafield><datafield ind1=" " ind2="7" tag="651"><subfield code="a">Texas</subfield><subfield code="z">Potter County.</subfield><subfield code="2">fast</subfield><subfield code="0">(OCoLC)fst01209221</subfield></datafield><datafield ind1=" " ind2="7" tag="651"><subfield code="a">Texas</subfield><subfield code="z">Randall County.</subfield><subfield code="2">fast</subfield><subfield code="0">(OCoLC)fst01212992</subfield></datafield><datafield ind1=" " ind2=" " tag="752"><subfield code="a">United States</subfield><subfield code="b">Texas</subfield><subfield code="c">Potter</subfield><subfield code="d">Amarillo.</subfield></datafield><datafield ind1=" " ind2=" " tag="752"><subfield code="a">United States</subfield><subfield code="b">Texas</subfield><subfield code="c">Randall</subfield><subfield code="d">Amarillo.</subfield></datafield><datafield ind1="1" ind2="4" tag="780"><subfield code="t">Amarillo globe-times</subfield><subfield code="w">(DLC)sn 86088054</subfield><subfield code="w">(OCoLC)13830894</subfield></datafield><datafield ind1="1" ind2="4" tag="780"><subfield code="t">Amarillo daily news (Amarillo, Tex. : 1909)</subfield><subfield code="w">(DLC)sn 85042551</subfield><subfield code="w">(OCoLC)3968146</subfield></datafield><datafield ind1="4" ind2="1" tag="856"><subfield code="u">http://www.amarillonet.com</subfield></datafield></record>